# Ficheros para la bibliograf√≠a 
@article{marelic1998influence,
  title={Influence of some situation-related parameters on the score in volleyball},
  author={Mareli{\'c}, Nenad and {\v{Z}}ufar, Goran and Omr{\v{c}}en, Darija},
  journal={Kinesiology},
  volume={30},
  number={2},
  pages={55--65},
  year={1998},
  publisher={Kineziolo{\v{s}}ki fakultet}
}

@article{akarccecsme2017possible,
  title={Is it possible to estimate match result in volleyball: a new prediction model},
  author={Akar{\c{c}}e{\c{s}}me, Cengiz},
  journal={Central European Journal of Sport Sciences and Medicine},
  volume={19},
  number={3},
  pages={5--17},
  year={2017}
}

@article{sanjurjo2015analisis,
  title={An{\'a}lisis de los factores de rendimiento de las transiciones ofensivas en el f{\'u}tbol de alto nivel},
  author={Sanjurjo, Claudio Alberto Casal and L{\'o}pez, Jos{\'e} Luis Losada and Su{\'a}rez, Toni Ard{\'a}},
  journal={Revista de Psicolog{\'\i}a del Deporte},
  volume={24},
  number={1},
  pages={103--110},
  year={2015},
  publisher={Universitat de les Illes Balears}
}

@article{gabrio2021bayesian,
  title={Bayesian hierarchical models for the prediction of volleyball results},
  author={Gabrio, Andrea},
  journal={Journal of Applied Statistics},
  volume={48},
  number={2},
  pages={301--321},
  year={2021},
  publisher={Taylor \& Francis}
}