# Paginas a añadir para la bibliografia

@Webpage{federacionvoleibol2021,
         url = {https://rfevb-web.dataproject.com/CompetitionHome.aspx?ID=68},
         title = {Real Federación Española de voleibol},
         year = 2020
}


@Webpage{accionestecnicas,
         url = {https://www.fevochi.cl/2010/05/10/principales-tecnicas-de-voleibol/},
         author = {Jorge Quintana} ,
         title = {Principales técnicas de voleibol},
         year = 2010
}