@Manual{R-bookdown,
  title = {bookdown: Authoring Books and Technical Documents
    with R Markdown},
  author = {Yihui Xie},
  year = {2019},
  note = {R package version 0.14},
  url = {https://CRAN.R-project.org/package=bookdown},
}
@Manual{R-dplyr,
  title = {dplyr: A Grammar of Data Manipulation},
  author = {Hadley Wickham and Romain François and Lionel
    Henry and Kirill Müller},
  year = {2019},
  note = {R package version 0.8.3},
  url = {https://CRAN.R-project.org/package=dplyr},
}
@Manual{R-flexdashboard,
  title = {flexdashboard: R Markdown Format for Flexible
    Dashboards},
  author = {Richard Iannone and JJ Allaire and Barbara
    Borges},
  year = {2018},
  note = {R package version 0.5.1.1},
  url = {https://CRAN.R-project.org/package=flexdashboard},
}
@Manual{R-ggplot2,
  title = {ggplot2: Create Elegant Data Visualisations Using
    the Grammar of Graphics},
  author = {Hadley Wickham and Winston Chang and Lionel Henry
    and Thomas Lin Pedersen and Kohske Takahashi and Claus Wilke
    and Kara Woo and Hiroaki Yutani},
  year = {2019},
  note = {R package version 3.2.1},
  url = {https://CRAN.R-project.org/package=ggplot2},
}
@Manual{R-htmlwidgets,
  title = {htmlwidgets: HTML Widgets for R},
  author = {Ramnath Vaidyanathan and Yihui Xie and JJ Allaire
    and Joe Cheng and Kenton Russell},
  year = {2019},
  note = {R package version 1.5.1},
  url = {https://CRAN.R-project.org/package=htmlwidgets},
}
@Manual{R-knitr,
  title = {knitr: A General-Purpose Package for Dynamic Report
    Generation in R},
  author = {Yihui Xie},
  year = {2019},
  note = {R package version 1.25},
  url = {https://CRAN.R-project.org/package=knitr},
}
@Manual{R-rmarkdown,
  title = {rmarkdown: Dynamic Documents for R},
  author = {JJ Allaire and Yihui Xie and Jonathan McPherson
    and Javier Luraschi and Kevin Ushey and Aron Atkins and
    Hadley Wickham and Joe Cheng and Winston Chang and Richard
    Iannone},
  year = {2019},
  note = {R package version 1.16},
  url = {https://CRAN.R-project.org/package=rmarkdown},
}
@Manual{R-shiny,
  title = {shiny: Web Application Framework for R},
  author = {Winston Chang and Joe Cheng and JJ Allaire and
    Yihui Xie and Jonathan McPherson},
  year = {2019},
  note = {R package version 1.4.0},
  url = {https://CRAN.R-project.org/package=shiny},
}
@Manual{R-stringr,
  title = {stringr: Simple, Consistent Wrappers for Common
    String Operations},
  author = {Hadley Wickham},
  year = {2019},
  note = {R package version 1.4.0},
  url = {https://CRAN.R-project.org/package=stringr},
}
@Manual{R-xtable,
  title = {xtable: Export Tables to LaTeX or HTML},
  author = {David B. Dahl and David Scott and Charles Roosen
    and Arni Magnusson and Jonathan Swinton},
  year = {2019},
  note = {R package version 1.8-4},
  url = {https://CRAN.R-project.org/package=xtable},
}
